@article{JiangShuZhen2025,
  title = {{不同青枯病抗性烤烟品种（系）根际土壤微生物群落分析}},
  author = {{姜淑祯} and {冯小虎} and {宋文静} and {王卫锋} and {丛萍} and {徐艳丽} and {况帅} and {董建新}},
  year = {2025},
  month = feb,
  journal = {烟草科技},
  langid = {chinese},
  file = {D:\Zotero\database\storage\D9K7HN7W\姜淑祯 等 - 2025 - 不同青枯病抗性烤烟品种（系）根际土壤微生物群落分析.pdf}
}

@article{johnke2025,
  title = {{\emph{Caenorhabditis}} Nematodes Influence Microbiome and Metabolome Characteristics of Their Natural Apple Substrates over Time},
  author = {Johnke, J. and Zimmermann, J. and Stegemann, T. and Langel, D. and Franke, A. and Thingholm, L. and Schulenburg, H.},
  editor = {Lurgi, Miguel},
  year = {2025},
  month = feb,
  journal = {mSystems},
  volume = {10},
  number = {2},
  pages = {e01533-24},
  issn = {2379-5077},
  doi = {10.1128/msystems.01533-24},
  langid = {english},
  file = {D:\Zotero\database\storage\JTQJT4TY\Johnke 等 - 2025 - Caenorhabditis nematodes influence microbiome and metabolome characteristics of their natural.pdf}
}

@article{li2025a,
  title = {From Nature to Urbanity: Exploring Phyllosphere Microbiome and Functional Gene Responses to the {{Anthropocene}}},
  shorttitle = {From Nature to Urbanity},
  author = {Li, Jian and Petticord, Daniel F. and Jin, Mingkang and Huang, Lijie and Hui, Dafeng and Sardans, Jordi and Pe{\~n}uelas, Josep and Yang, Xiaoru and Zhu, Yong-Guan},
  year = {2025},
  month = jan,
  journal = {New Phytologist},
  volume = {245},
  number = {2},
  pages = {591--606},
  issn = {0028-646X, 1469-8137},
  doi = {10.1111/nph.20255},
  langid = {english},
  file = {D:\Zotero\database\storage\TJBSGBJC\Li 等 - 2025 - From nature to urbanity exploring phyllosphere microbiome and functional gene responses to the Anth.pdf}
}

@article{LiuDongLing2025,
  title = {{阔叶红松林土壤微生物量及优势树种根际效应对增氮和减水的响应}},
  author = {{刘东玲} and {王晓春} and {闫国永} and {邢亚娟} and {王庆贵}},
  year = {2025},
  journal = {林业科学研究},
  volume = {38},
  number = {1},
  pages = {127--138},
  langid = {chinese},
  file = {D:\Zotero\database\storage\96AFXBY5\刘东玲 等 - 2025 - 阔叶红松林土壤微生物量及优势树种根际效应对增氮和减水的响应.pdf}
}

@article{MaJie2025,
  title = {{卷丹百合健康与患根腐病根际土壤细菌群落结构差异}},
  author = {{马杰} and {刘芳} and {贺璐} and {傅淋} and {巩养仓} and {李偲} and {曾潜} and {肖才升} and {李庠}},
  year = {2025},
  month = feb,
  journal = {西南农业学报},
  langid = {chinese},
  file = {D:\Zotero\database\storage\CL2NLV5P\马杰 等 - 2025 - 卷丹百合健康与患根腐病根际土壤细菌群落结构差异.pdf}
}

@article{pribyl2025a,
  title = {A Decade of Advances in Human Gut Microbiome-Derived Biotherapeutics},
  author = {Pribyl, {\relax Alena}. L. and Hugenholtz, Philip and Cooper, Matthew A.},
  year = {2025},
  month = jan,
  journal = {Nature Microbiology},
  volume = {10},
  number = {2},
  pages = {301--312},
  issn = {2058-5276},
  doi = {10.1038/s41564-024-01896-3},
  langid = {english},
  file = {D:\Zotero\database\storage\I7QAVDHG\Pribyl 等 - 2025 - A decade of advances in human gut microbiome-derived biotherapeutics.pdf}
}

@article{robinson2025,
  title = {Mobile Genetic Elements Exhibit Increased Sequence Diversity with Increasing Host Range within the Gut Microbiome of the {{Western Honey}} Bee},
  author = {Robinson, Chris RP and Dolezal, Adam G. and Liachko, Ivan RP and Newton, Irene LG},
  year = {2025},
  journal = {bioRxiv},
  pages = {2025--01},
  publisher = {Cold Spring Harbor Laboratory},
  file = {D:\Zotero\database\storage\2FKHQU32\Robinson 等 - 2025 - Mobile genetic elements exhibit increased sequence diversity with increasing host range within the g.pdf}
}

@article{soares2025,
  title = {Comparing the Impact of Landscape on the Gut Microbiome of {{Apis}} Mellifera in {{Atlantic Forest}} and {{Caatinga Biomes}}},
  author = {Soares, Kilmer Oliveira and Da Rocha, Thamara Ferreira and Hale, Vanessa L. and Vasconcelos, Priscylla Carvalho and Do Nascimento, Let{\'i}cia Jos{\'e} and Da Silva, N{\'u}bia Michelle Vieira and Rodrigues, Adriana Evangelista and De Oliveira, Celso Jos{\'e} Bruno},
  year = {2025},
  month = feb,
  journal = {Scientific Reports},
  volume = {15},
  number = {1},
  pages = {5293},
  issn = {2045-2322},
  doi = {10.1038/s41598-025-85114-y},
  langid = {english},
  file = {D:\Zotero\database\storage\FN335XPF\Soares 等 - 2025 - Comparing the impact of landscape on the gut microbiome of Apis mellifera in Atlantic Forest and Caa.pdf}
}

@article{zhang2025,
  title = {{{CRISPR-Cas}} Spacer Acquisition Is a Rare Event in Human Gut Microbiome},
  author = {Zhang, An-Ni and Gaston, Jeffry M. and C{\'a}rdenas, Pablo and Zhao, Shijie and Gu, Xiaoqiong and Alm, Eric J.},
  year = {2025},
  journal = {Cell Genomics},
  volume = {5},
  number = {1},
  publisher = {Elsevier},
  file = {D:\Zotero\database\storage\L7NQY9HY\Zhang 等 - 2025 - CRISPR-Cas spacer acquisition is a rare event in human gut microbiome.pdf}
}

@article{ZhaoYaQi2025,
  title = {{槟榔根系分泌物特异促生组分添加对连作胡椒根际微生物群落功能多样性和群落结构的影响}},
  author = {{赵雅琦} and {罗丽霞} and {李志刚} and {祖超} and {杨建峰} and {康杰} and {郑维权} and {王灿}},
  year = {2025},
  month = feb,
  journal = {热带作物学报},
  langid = {chinese},
  file = {D:\Zotero\database\storage\G6ABU4L6\赵雅琦 等 - 2025 - 槟榔根系分泌物特异促生组分添加对连作胡椒根际微生物群落功能多样性和群落结构的影响.pdf}
}
